<record><leader>00000cas a22000007i 4500</leader><controlfield tag="001">887948756</controlfield><controlfield tag="006">m     o  d        </controlfield><controlfield tag="007">cr |n|000|||||</controlfield><controlfield tag="008">890110c18909999tnuwr neo     0   a0eng  </controlfield><datafield ind1=" " ind2=" " tag="010"><subfield code="a">  2014218582</subfield></datafield><datafield ind1=" " ind2=" " tag="040"><subfield code="a">Nz</subfield><subfield code="b">eng</subfield><subfield code="e">rda</subfield><subfield code="c">Z5A</subfield><subfield code="d">OCLCO</subfield><subfield code="d">DLC</subfield><subfield code="d">OCLCF</subfield></datafield><datafield ind1="0" ind2=" " tag="022"><subfield code="a">2374-8605</subfield><subfield code="2">1</subfield></datafield><datafield ind1="0" ind2=" " tag="029"><subfield code="a">NZ1</subfield><subfield code="b">15558153</subfield></datafield><datafield ind1=" " ind2=" " tag="042"><subfield code="a">msc</subfield><subfield code="a">nsdp</subfield></datafield><datafield ind1=" " ind2=" " tag="043"><subfield code="a">n-us-tn</subfield></datafield><datafield ind1="1" ind2="0" tag="050"><subfield code="a">ISSN RECORD</subfield></datafield><datafield ind1="0" ind2="0" tag="082"><subfield code="a">071</subfield><subfield code="2">23</subfield></datafield><datafield ind1="0" ind2=" " tag="130"><subfield code="a">Camden chronicle (Camden, Tenn. : Online)</subfield></datafield><datafield ind1=" " ind2="4" tag="222"><subfield code="a">The Camden chronicle</subfield><subfield code="b">(Camden, Tenn. Online)</subfield></datafield><datafield ind1="1" ind2="4" tag="245"><subfield code="a">The Camden chronicle.</subfield></datafield><datafield ind1=" " ind2="1" tag="264"><subfield code="a">Camden, Tennessee :</subfield><subfield code="b">Travis Brothers,</subfield><subfield code="c">1890-</subfield></datafield><datafield ind1=" " ind2=" " tag="300"><subfield code="a">1 online resource</subfield></datafield><datafield ind1=" " ind2=" " tag="310"><subfield code="a">Weekly</subfield></datafield><datafield ind1=" " ind2=" " tag="336"><subfield code="a">text</subfield><subfield code="b">txt</subfield><subfield code="2">rdacontent</subfield></datafield><datafield ind1=" " ind2=" " tag="337"><subfield code="a">computer</subfield><subfield code="b">c</subfield><subfield code="2">rdamedia</subfield></datafield><datafield ind1=" " ind2=" " tag="338"><subfield code="a">online resource</subfield><subfield code="b">cr</subfield><subfield code="2">rdacarrier</subfield></datafield><datafield ind1="1" ind2=" " tag="362"><subfield code="a">Began with vol. I, no. 1 (April 25, 1890).</subfield></datafield><datafield ind1=" " ind2=" " tag="500"><subfield code="a">Publishers: Travis Bros., 1890-1908; J.V. Travis, 1908-1915; J.V. Travis and Son, 1915-1918; J.V. Travis, 1918-&lt;1930&gt;; P.A. Travis, &lt;1932&gt;-1939; Mrs. H.T. Bradley, 1939-1961; R.C. Johnson, 1961-1984; Camden Pub. Co, 1984-1994; D.M. Richardson, 1994-.</subfield></datafield><datafield ind1=" " ind2=" " tag="588"><subfield code="a">Description based on: Vol. I, no. 1 (April 25, 1890); title from masthead (Chroniclingamerica.loc.gov, viewed September 18, 2014).</subfield></datafield><datafield ind1=" " ind2=" " tag="588"><subfield code="a">Latest issue consulted: Vol. LIII, no. 24 (December 15, 1916) (Chroniclingamerica.loc.gov, viewed September 18, 2014).</subfield></datafield><datafield ind1=" " ind2="0" tag="651"><subfield code="a">Benton County (Tenn.)</subfield><subfield code="v">Newspapers.</subfield></datafield><datafield ind1=" " ind2="0" tag="651"><subfield code="a">Camden (Tenn.)</subfield><subfield code="v">Newspapers.</subfield></datafield><datafield ind1=" " ind2="7" tag="655"><subfield code="a">Newspapers.</subfield><subfield code="2">fast</subfield><subfield code="0">(OCoLC)fst01423814</subfield></datafield><datafield ind1=" " ind2="7" tag="651"><subfield code="a">Tennessee</subfield><subfield code="z">Benton County.</subfield><subfield code="2">fast</subfield><subfield code="0">(OCoLC)fst01207246</subfield></datafield><datafield ind1=" " ind2="7" tag="651"><subfield code="a">Tennessee</subfield><subfield code="z">Camden.</subfield><subfield code="2">fast</subfield><subfield code="0">(OCoLC)fst01227252</subfield></datafield><datafield ind1="0" ind2=" " tag="730"><subfield code="a">Camden chronicle (Camden, Tenn. : Online)</subfield></datafield><datafield ind1=" " ind2=" " tag="752"><subfield code="a">United States</subfield><subfield code="b">Tennessee</subfield><subfield code="c">Benton</subfield><subfield code="d">Camden.</subfield></datafield><datafield ind1="0" ind2="8" tag="776"><subfield code="i">Originally issued in print:</subfield><subfield code="t">Camden chronicle (Camden, Tenn.)</subfield><subfield code="x">2374-8591</subfield><subfield code="w">(DLC)sn 89058013</subfield><subfield code="w">(OCoLC)18998985</subfield></datafield><datafield ind1="4" ind2="0" tag="856"><subfield code="u">http://www.loc.gov/chroniclingamerica/lccn/sn89058013/issues</subfield></datafield></record>